@online{gdpr,
    author = "Wikipedia",
    title = "General Data Protection Regulation",
    url  = "https://en.wikipedia.org/wiki/General_Data_Protection_Regulation",
    addendum = "(accessed: 27.05.2021)",
    keywords = "GDPR"
}

@online{isaca,
    author = "Isaca",
    title = "Survey: Fewer Than 1 in 3 Companies Ready for May 25 GDPR Deadline",
    url  = "https://www.isaca.org/why-isaca/about-us/newsroom/press-releases/2018/survey-fewer-than-1-in-3-companies-ready-for-may-25-gdpr-deadline",
    addendum = "(accessed: 27.05.2021)",
    keywords = "GDPR survey"
}

@online{lipswitch,
    author = "Lipswitch",
    title = "European IT Teams Woefully Underprepared For GDPR",
    url  = "https://blog.ipswitch.com/european-teams-woefully-underprepared-gdpr",
    addendum = "(accessed: 27.05.2021)",
    keywords = "GDPR survey"
}

@online{ocl,
    author = "Wikipedia",
    title = "Object Constraint Language",
    url  = "https://en.wikipedia.org/wiki/Object_Constraint_Language",
    addendum = "(accessed: 31.05.2021)",
    keywords = "OCL"
}

@online{uml,
    author = "Object Management Group",
    title = "ABOUT THE UNIFIED MODELING LANGUAGE SPECIFICATION VERSION 2.5.1",
    url  = "https://www.omg.org/spec/UML/About-UML/",
    addendum = "(accessed: 06.06.2021)",
    keywords = "UML"
}

@article{einstein,
    author = "Albert Einstein",
    title = "{Zur Elektrodynamik bewegter K{\"o}rper}. ({German})
    [{On} the electrodynamics of moving bodies]",
    journal = "Annalen der Physik",
    volume = "322",
    number = "10",
    pages = "891--921",
    year = "1905",
    DOI = "http://dx.doi.org/10.1002/andp.19053221004",
    keywords = "physics"
}

@book{mde,
    title = {Model-Driven Software Engineering in Practice},
    author = {M. Brambilla, J. Cabot, and M. Wimmer},
    isbn = {9781608458837},
    series = {2nd ed.},
    year = {2016},
    publisher = {Morgan and Claypool Publishers},
    keywords = {Model-Driven}
}